@Article{ Nicholson2006,
 author   = { Nicholson, J. K },
 title    = { Global systems biology, personalized medicine and molecular epidemiology },
 journal  = { Molecular systems biology },
 volume   = {2},
 pages    = {52},
 year     = {2006},
}


@Article{ Armstrong1978,
 author   = { Armstrong H. L },
 title    = { Thermodynamics, Energy, Matter, and Form },
 journal  = { Research Society Quarterly },
 volume   = {15},
 pages    = {119-121},
 year     = {1978},
}

@Article{ Williams1981,
 author   = { Williams, E. L },
 title    = { Thermodynamics and the Development of Order },
 journal  = { Research Society Books },
 pages    = {10},
 year     = {1981},
}

@Article{ Nielsen2001,
 author   = {Nielsen, J },
 title    = {Metabolic Engineering },
 journal  = { Applied Microbial Biotechnology },
 pages    = {263-283},
 year     = {2001},
}

@Article{ Vasconcelos2005,
 author   = { Vasconcelos, L },
 title    = { Entropia e Segunda Lei da Termodinâmica },
 journal  = { Projeto Evoluindo - Biociência.org },
 year     = {2005},
}

@Article{ Demetrius2000,
 author   = { Demetrius, L },
 title    = { Thermodynamics and evolution },
 journal  = { Journal of Theoretical Biology },
 year     = {2000},
}

@Article{  Dickerson1969,
 author   = {  Dickerson, R.E },
 title    = { Molecular Thermodynamics },
 journal  = { Menlo Park },
 year     = {1969},
}

@article{Garrote2005,
 author   = {Garrote Filho, M. S., Penha-Silva, N },
 title    = {Uma abordagem termodinâmica da vida},
 journal  = {Revista Ciência Hoje},
 year     = {2005},
 volume   = {37},
 number   = {221},
}

@Article{Gutierrez2005,
 author   = {Gutierrez, R. A., Shasha, D.E., Corruzi, G.M },
 title    = {Systems biology for virtual plant},
 journal  = {Plant Physiology},
 year     = {2005},
 volume   = {138},
 pages   = {550-554},
}

@Article{Rossignol2006,
 author   = { Rossignol, M },
 title    = {Proteomic analysis of phosphorylated proteins},
 journal  = {Plant Physiology},
 year     = {2006},
 volume   = {9},
 pages   = {538-543},
}

ROSSIGNOL, M. . Current Opinion in
Plant Biology, Amsterdam, v. 9, p. 538-543, 2006.


@article{alon09:how,
 author   = {Uri Alon},
 title    = {{How To Choose a Good Scientific Problem}},
 journal  = {Molecular Cell},
 year     = {2009},
 volume   = {35},
 number   = {6},
 pages    = {726--728},
 publisher= {Cell Press},
 month    = sep,
 doi      = {10.1016/j.molcel.2009.09.013},
}

 @book{Klipp2005,
 author   = {Klipp E., Herwig R., Kowald A., Wierling C., Lehrach H.},
 title    = {Systems Biology in practice.},
 year     = {2005},
 publisher= {Wiley-VCH Verlag GmbH & Co KgaA},
}

@book{Alberts,
 author   = {Alberts, Bruce; Johnson, Alexander; Lewis, Julian; Raff, Martin; Roberts, Keith; Walter, Peter.},
 title    = {Biologia molecular da célula / Molecular cell biology.},
 year     = {2011},
 edition  = {5nd},
 publisher= {Artmed},
}

@book{Marcus2008,
address = {Berlin, Heidelberg},
author = {Marcus, Frederick B.},
doi = {10.1007/978-3-540-78353-4},
edition = {1st},
pages = {287},
publisher = {Springer Berlin Heidelberg},
title = {{Bioinformatics and Systems Biology}},
url = {http://link.springer.com/10.1007/978-3-540-78353-4},
year = {2008}
}
@article{Yadetie2004,
author = {Yadetie, Fekadu and Sandvik, Arne K and Bergum, Hallgeir and Norsett, Kristin and Laegreid, Astrid},
pages = {1--9},
title = {{BMC Biotechnology}},
volume = {9},
year = {2004}
}
@techreport{Speed,
address = {Berkeley, California},
author = {Speed, Terry},
institution = {Department of Statistics, University of California at Berkeley Division of Genetics \& Bioinformatics},
pages = {1--13},
title = {{Statistics and gene expression analysis}}
}

@article{Heid1996,
author = {Heid, C a and Stevens, J and Livak, K J and Williams, P M},
doi = {10.1101/gr.6.10.986},
issn = {1088-9051},
journal = {Genome Research},
month = oct,
number = {10},
pages = {986--994},
title = {{Real time quantitative PCR.}},
url = {http://www.genome.org/cgi/doi/10.1101/gr.6.10.986},
volume = {6},
year = {1996}
}

@article{Velculescu1995,
author = {Velculescu, V E and Zhang, L and Vogelstein, B and Kinzler, K W},
issn = {0036-8075},
journal = {Science (New York, N.Y.)},
keywords = {Base Sequence,Cloning, Molecular,DNA Restriction Enzymes,DNA, Complementary,DNA, Complementary: genetics,Gene Expression,Gene Library,Genetic Techniques,Humans,Molecular Sequence Data,Pancreas,Pancreas: enzymology,Polymerase Chain Reaction,RNA, Messenger,RNA, Messenger: genetics},
month = oct,
number = {5235},
pages = {484--7},
pmid = {7570003},
title = {{Serial analysis of gene expression.}},
url = {http://www.ncbi.nlm.nih.gov/pubmed/7570003},
volume = {270},
year = {1995}
}

@misc{ZhongWang2010,
author = {{Zhong Wang}, Mark Gerstein and Snyder, Michael},
doi = {10.1038/nrg2484},
number = {1},
pages = {57--63},
title = {{NIH Public Access}},
volume = {10},
year = {2010}
}
@article{Krupp2012,
author = {Krupp, Markus and Marquardt, Jens U and Sahin, Ugur and Galle, Peter R and Castle, John and Teufel, Andreas},
doi = {10.1093/bioinformatics/bts084},
issn = {1367-4811},
journal = {Bioinformatics (Oxford, England)},
keywords = {Databases, Nucleic Acid,Gene Expression Profiling,High-Throughput Nucleotide Sequencing,High-Throughput Nucleotide Sequencing: methods,Humans,Internet,Neoplasms,Neoplasms: genetics,Oligonucleotide Array Sequence Analysis,Sequence Analysis, RNA,Sequence Analysis, RNA: methods,Software},
month = apr,
number = {8},
pages = {1184--5},
pmid = {22345621},
title = {{RNA-Seq Atlas--a reference database for gene expression profiling in normal tissue by next-generation sequencing.}},
url = {http://www.ncbi.nlm.nih.gov/pubmed/22345621},
volume = {28},
year = {2012}
}

@article{Dobin2013,
author = {Dobin, Alexander and Davis, Carrie a and Schlesinger, Felix and Drenkow, Jorg and Zaleski, Chris and Jha, Sonali and Batut, Philippe and Chaisson, Mark and Gingeras, Thomas R},
doi = {10.1093/bioinformatics/bts635},
aligner.pdf:pdf},
issn = {1367-4811},
journal = {Bioinformatics (Oxford, England)},
month = jan,
number = {1},
pages = {15--21},
pmid = {23104886},
title = {{STAR: ultrafast universal RNA-seq aligner.}},
url = {http://www.ncbi.nlm.nih.gov/pubmed/23104886},
volume = {29},
year = {2013}
}

@article{Slonim2009,
author = {Slonim, Donna K and Yanai, Itai},
doi = {10.1371/journal.pcbi.1000543},
issn = {1553-7358},
journal = {PLoS computational biology},
keywords = {Computational Biology,Oligonucleotide Array Sequence Analysis},
month = oct,
number = {10},
pages = {e1000543},
pmid = {19876380},
title = {{Getting started in gene expression microarray analysis.}},
url = {http://www.pubmedcentral.nih.gov/articlerender.fcgi?artid=2762517\&tool=pmcentrez\&rendertype=abstract},
volume = {5},
year = {2009}
}

